<?xml version="1.0" encoding="UTF-8"?>
  <record xmlns="http://www.loc.gov/MARC21/slim" type="Authority">
    <leader>00000nz  a2200000oc 4500</leader>
    <controlfield tag="001">129084069</controlfield>
    <controlfield tag="003">DE-101</controlfield>
    <controlfield tag="005">20090619122642.0</controlfield>
    <controlfield tag="008">040608n||aznnnaabn           | aaa    |c</controlfield>
    <datafield tag="024" ind1="7" ind2=" ">
      <subfield code="a">129084069</subfield>
      <subfield code="0">http://d-nb.info/gnd/129084069</subfield>
      <subfield code="2">gnd</subfield>
    </datafield>
    <datafield tag="035" ind1=" " ind2=" ">
      <subfield code="a">(DE-101)129084069</subfield>
    </datafield>
    <datafield tag="035" ind1=" " ind2=" ">
      <subfield code="a">(DE-588)129084069</subfield>
    </datafield>
    <datafield tag="035" ind1=" " ind2=" ">
      <subfield code="z">(DE-588a)129084069</subfield>
      <subfield code="9">v:zg</subfield>
    </datafield>
    <datafield tag="040" ind1=" " ind2=" ">
      <subfield code="a">DE-1</subfield>
      <subfield code="c">DE-1</subfield>
      <subfield code="9">r:DE-1</subfield>
      <subfield code="b">ger</subfield>
      <subfield code="d">7777</subfield>
    </datafield>
    <datafield tag="042" ind1=" " ind2=" ">
      <subfield code="a">gnd3</subfield>
    </datafield>
    <datafield tag="043" ind1=" " ind2=" ">
      <subfield code="c">XA-DE</subfield>
    </datafield>
    <datafield tag="075" ind1=" " ind2=" ">
      <subfield code="b">p</subfield>
      <subfield code="2">gndgen</subfield>
    </datafield>
    <datafield tag="075" ind1=" " ind2=" ">
      <subfield code="b">piz</subfield>
      <subfield code="2">gndspec</subfield>
    </datafield>
    <datafield tag="079" ind1=" " ind2=" ">
      <subfield code="a">g</subfield>
      <subfield code="q">a</subfield>
      <subfield code="q">f</subfield>
    </datafield>
    <datafield tag="100" ind1="1" ind2=" ">
      <subfield code="a">Schwarzkopf, Joachim</subfield>
    </datafield>
    <datafield tag="375" ind1=" " ind2=" ">
      <subfield code="a">1</subfield>
      <subfield code="2">iso5218</subfield>
    </datafield>
    <datafield tag="400" ind1="1" ind2=" ">
      <subfield code="a">Schwartzkopf, Joachim</subfield>
    </datafield>
    <datafield tag="400" ind1="1" ind2=" ">
      <subfield code="a">Schwartzkopff, Joachim</subfield>
    </datafield>
    <datafield tag="500" ind1="1" ind2=" ">
      <subfield code="0">(DE-101)129082953</subfield>
      <subfield code="0">(DE-588)129082953</subfield>
      <subfield code="0">https://d-nb.info/gnd/129082953</subfield>
      <subfield code="a">Schwartzkopff, Caspar</subfield>
      <subfield code="d">1629-1691</subfield>
      <subfield code="4">bezf</subfield>
      <subfield code="4">https://d-nb.info/standards/elementset/gnd#familialRelationship</subfield>
      <subfield code="w">r</subfield>
      <subfield code="i">Beziehung familiaer</subfield>
      <subfield code="e">Beziehung familiaer</subfield>
      <subfield code="9">v:Vater</subfield>
    </datafield>
    <datafield tag="500" ind1="1" ind2=" ">
      <subfield code="0">(DE-101)12307391X</subfield>
      <subfield code="0">(DE-588)12307391X</subfield>
      <subfield code="0">https://d-nb.info/gnd/12307391X</subfield>
      <subfield code="a">Schwarzkopf, David Johann</subfield>
      <subfield code="d">1666-1691</subfield>
      <subfield code="4">bezf</subfield>
      <subfield code="4">https://d-nb.info/standards/elementset/gnd#familialRelationship</subfield>
      <subfield code="w">r</subfield>
      <subfield code="i">Beziehung familiaer</subfield>
      <subfield code="e">Beziehung familiaer</subfield>
      <subfield code="9">v:Bruder</subfield>
    </datafield>
    <datafield tag="548" ind1=" " ind2=" ">
      <subfield code="a">1691</subfield>
      <subfield code="4">datw</subfield>
      <subfield code="4">https://d-nb.info/standards/elementset/gnd#periodOfActivity</subfield>
      <subfield code="w">r</subfield>
      <subfield code="i">Wirkungsdaten</subfield>
    </datafield>
    <datafield tag="667" ind1=" " ind2=" ">
      <subfield code="a">VD-17</subfield>
    </datafield>
    <datafield tag="672" ind1=" " ind2="0">
      <subfield code="a">Schwarzkopf, Joachim: Als ... Herr Casparus Schwartzkopff Ictus, Fürstlicher Mecklenburgischer Raht, Aeltester Burgermeister und wollverdienter Syndicus der Königl. Stadt Wißmar, wie auch Wollbetrauter Assessor des Königlichen Consistorii daselbst, Den 19. Novembr. mit Christüblichen Ceremonien zu St. Marien zur Erden bestätiget ward, Hat dieses zu bezeugung seiner Kindlichen Pflicht auffgesetzt Joachim Schwartzkopf, L. L. St. - [1691]</subfield>
    </datafield>
    <datafield tag="672" ind1=" " ind2="0">
      <subfield code="a">Schwarzkopf, Joachim: Als Der Woll-Edler Vester und Wollgelahrter Herr David Johan Schwartzkopff Beyder Rechten Studiosus Den 12. Novembris Anno 1691. mit Christ-üblichen Ceremonien in Wißmar zu S. Marien zur Erden bestätiget ward Hat dieses aus Brüderlicher Schuldigkeit Seinen vielgeliebten Bruder zu letzten Ehren auffsetzen wollen Joachim Schwartzkopff, L. L. St. - 1691</subfield>
    </datafield>
    <datafield tag="678" ind1=" " ind2=" ">
      <subfield code="b">Student der Rechtswissenschaft; Sohn des Juristen Caspar Schwarzkopf</subfield>
    </datafield>
    <datafield tag="913" ind1=" " ind2=" ">
      <subfield code="S">pnd</subfield>
      <subfield code="i">a</subfield>
      <subfield code="a">Schwarzkopf, Joachim</subfield>
      <subfield code="0">(DE-588a)129084069</subfield>
    </datafield>
  </record>
